@article{ShenWu:2009qvm,
    author = "紳悟, 竹内",
    title = "{SSB of SO(9) symmetry in BFSS matrix model}",
    doi = "10.24532/soken.117.1_A49",
    journal = "Soryushiron Kenkyu Electron.",
    volume = "117",
    pages = "A49",
    year = "2009"
}

@article{Catterall:2007me,
    author = "Catterall, Simon and Wiseman, Toby",
    editor = "Bali, Gunnar and Braun, Vladimir and Gattringer, Christof and Gockeler, Meinulf and Schafer, Andreas and Weisz, Peter and Wettig, Tilo",
    title = "{Gauge-gravity duality -- Super Yang Mills Quantum Mechanics}",
    eprint = "0709.3497",
    archivePrefix = "arXiv",
    primaryClass = "hep-lat",
    doi = "10.22323/1.042.0051",
    journal = "PoS",
    volume = "LATTICE2007",
    pages = "051",
    year = "2007"
}

@article{Ambrozinski:2014oka,
    author = "Ambrozi\'nski, Zbigniew and Korcyl, Piotr",
    title = "{Numerical investigations of Supersymmetric Yang-Mills Quantum Mechanics with 4 supercharges}",
    eprint = "1411.6904",
    archivePrefix = "arXiv",
    primaryClass = "hep-lat",
    reportNumber = "DESY-14-223",
    doi = "10.22323/1.214.0253",
    journal = "PoS",
    volume = "LATTICE2014",
    pages = "253",
    year = "2015"
}

@article{Kadoh:2012bg,
    author = "Kadoh, Daisuke and Kamata, Syo",
    editor = "Leinweber, Derek and Kamleh, Waseem and Mahbub, Selim and Matevosyan, Hrayr and Thomas, Anthony and Williams, Anthony G. and Young, Ross and Zanotti, James",
    title = "{One dimensional supersymmetric Yang-Mills theory with 16 supercharges}",
    eprint = "1212.4919",
    archivePrefix = "arXiv",
    primaryClass = "hep-lat",
    doi = "10.22323/1.164.0064",
    journal = "PoS",
    volume = "LATTICE2012",
    pages = "064",
    year = "2012"
}

@article{Nishimura:2008zza,
    author = "Nishimura, Jun",
    editor = "Fujiwara, Kazuhito and Itoyama, Hiroshi and Kawamoto, Shoichi and Kihara, Hironobu and Oota, Takeshi and Sakaguchi, Makoto and Takayanagi, Tadashi and Yasui, Yukinor",
    title = "{A direct test of the gauge/gravity duality and the string theoretical description of a black hole}",
    doi = "10.1142/S0217751X08040706",
    journal = "Int. J. Mod. Phys. A",
    volume = "23",
    pages = "2161--2164",
    year = "2008"
}

@article{Kadoh:2014hsa,
    author = "Kadoh, Daisuke and Kamata, Syo",
    title = "{Lattice simulation of lower dimensional SYM with sixteen supercharges}",
    doi = "10.22323/1.187.0343",
    journal = "PoS",
    volume = "LATTICE2013",
    pages = "343",
    year = "2014"
}

@article{Berkowitz:2016tyy,
    author = "Berkowitz, Evan and Rinaldi, Enrico and Hanada, Masanori and Ishiki, Goro and Shimasaki, Shinji and Vranas, Pavlos",
    title = "{Supergravity from D0-brane Quantum Mechanics}",
    eprint = "1606.04948",
    archivePrefix = "arXiv",
    primaryClass = "hep-th",
    reportNumber = "LLNL-JRNL-694846, UTHEP-690, YITP-16-74",
    month = "6",
    year = "2016"
}

@article{Hanada:2014hpa,
    author = "Hanada, Masanori",
    editor = {Anagnostopoulos, Konstantinos and Lechtenfeld, Olaf and L\"ust, Dieter and Kawai, Hikaru and Nishimura, Jun and Steinacker, Harold and Szabo, Richard and Watamura, Satoshi and Zoupanos, George},
    title = "{Does Yang-Mills theory describe quantum gravity?}",
    eprint = "1407.5322",
    archivePrefix = "arXiv",
    primaryClass = "hep-th",
    doi = "10.1002/prop.201400047",
    journal = "Fortsch. Phys.",
    volume = "62",
    pages = "786--791",
    year = "2014"
}

@article{Kanamori:2007ye,
    author = "Kanamori, Issaku and Suzuki, Hiroshi and Sugino, Fumihiko",
    title = "{Euclidean lattice simulation for dynamical supersymmetry breaking}",
    eprint = "0711.2099",
    archivePrefix = "arXiv",
    primaryClass = "hep-lat",
    reportNumber = "RIKEN-TH-121, OIQP-07-15",
    doi = "10.1103/PhysRevD.77.091502",
    journal = "Phys. Rev. D",
    volume = "77",
    pages = "091502",
    year = "2008"
}

@article{Aikawa:2021eai,
    author = "Aikawa, Yu and Morita, Takeshi and Yoshimura, Kota",
    title = "{Application of bootstrap to a \ensuremath{\theta} term}",
    eprint = "2109.02701",
    archivePrefix = "arXiv",
    primaryClass = "hep-th",
    doi = "10.1103/PhysRevD.105.085017",
    journal = "Phys. Rev. D",
    volume = "105",
    number = "8",
    pages = "085017",
    year = "2022"
}

@article{Dhindsa:2021irw,
    author = "Dhindsa, Navdeep Singh and Jha, Raghav G. and Joseph, Anosh and Schaich, David",
    title = "{Large-$N$ limit of two-dimensional Yang--Mills theory with four supercharges}",
    eprint = "2109.01001",
    archivePrefix = "arXiv",
    primaryClass = "hep-lat",
    doi = "10.22323/1.396.0433",
    journal = "PoS",
    volume = "LATTICE2021",
    pages = "433",
    year = "2022"
}

@article{Berkowitz:2016ftr,
    author = "Berkowitz, Evan",
    title = "{Supergravity from Gauge Theory}",
    eprint = "1608.01951",
    archivePrefix = "arXiv",
    primaryClass = "hep-lat",
    reportNumber = "LLNL-PROC-699357",
    doi = "10.22323/1.256.0238",
    journal = "PoS",
    volume = "LATTICE2016",
    pages = "238",
    year = "2016"
}

@inproceedings{Catterall:2022qzs,
    author = "Catterall, Simon and Giedt, Joel",
    title = "{Supersymmetric Lattice Theories: Contribution to Snowmass 2022}",
    eprint = "2202.08154",
    archivePrefix = "arXiv",
    primaryClass = "hep-lat",
    month = "2",
    year = "2022"
}

@article{Filev:2017bua,
    author = "Filev, Veselin G. and O'Connor, Denjoe",
    editor = "Burd\'\i{}k, \v{C}estm\'\i{}r and Navr\'atil, Ond\v{r}ej and Po\v{s}ta, Severin",
    title = "{Quantised relativistic membranes and non-perturbative checks of gauge/gravity duality}",
    eprint = "1710.02565",
    archivePrefix = "arXiv",
    primaryClass = "hep-th",
    reportNumber = "DIAS-STP-17-10",
    doi = "10.1088/1742-6596/965/1/012015",
    journal = "J. Phys. Conf. Ser.",
    volume = "965",
    number = "1",
    pages = "012015",
    year = "2018"
}

@article{Azeyanagi:2008mi,
    author = "Azeyanagi, Tatsuo and Hanada, Masanori and Kawai, Hikaru and Matsuo, Yoshinori",
    title = "{Worldsheet Analysis of Gauge/Gravity Dualities}",
    eprint = "0812.1453",
    archivePrefix = "arXiv",
    primaryClass = "hep-th",
    reportNumber = "KUNS-2172, WIS-22-08-DEC-DPP, RIKEN-TH-145, APCTP-PRE2008-010",
    doi = "10.1016/j.nuclphysb.2009.03.012",
    journal = "Nucl. Phys. B",
    volume = "816",
    pages = "278--292",
    year = "2009"
}

@article{Pateloudis:2022oap,
    author = "Pateloudis, Stratos",
    title = "{The confined phase of the D0-brane matrix model and appearance of M-theory}",
    doi = "10.1051/epjconf/202227408009",
    journal = "EPJ Web Conf.",
    volume = "274",
    pages = "08009",
    year = "2022"
}

@article{Baumgartner:2011cm,
    author = "Baumgartner, David and Wenger, Urs",
    editor = "Rossi, Giancarlo",
    title = "{Simulation of supersymmetric models on the lattice without a sign problem}",
    eprint = "1104.0213",
    archivePrefix = "arXiv",
    primaryClass = "hep-lat",
    doi = "10.22323/1.105.0245",
    journal = "PoS",
    volume = "Lattice2010",
    pages = "245",
    year = "2014"
}

@article{Saremi:2014epa,
    author = "Saremi, Omid",
    title = "{Monte Carlo Simulation of The Adjoint Coulomb Gas}",
    eprint = "1412.3859",
    archivePrefix = "arXiv",
    primaryClass = "hep-th",
    month = "12",
    year = "2014"
}

@article{Catterall:2020lsi,
    author = "Catterall, Simon and Giedt, Joel and Toga, Goksu Can",
    title = "{Lattice $ \mathcal{N} $ = 4 super Yang-Mills at strong coupling}",
    eprint = "2009.07334",
    archivePrefix = "arXiv",
    primaryClass = "hep-lat",
    doi = "10.1007/JHEP12(2020)140",
    journal = "JHEP",
    volume = "12",
    pages = "140",
    year = "2020"
}

@article{Berkowitz:2016muc,
    author = "Berkowitz, Evan and Hanada, Masanori and Maltz, Jonathan",
    title = "{A microscopic description of black hole evaporation via holography}",
    eprint = "1603.03055",
    archivePrefix = "arXiv",
    primaryClass = "hep-th",
    reportNumber = "SU-ITP-16-06, YITP-16-22, LLNL-JRNL-685083",
    doi = "10.1142/S0218271816440028",
    journal = "Int. J. Mod. Phys. D",
    volume = "25",
    number = "12",
    pages = "1644002",
    year = "2016"
}

@article{Hanada:2008ez,
    author = "Hanada, Masanori and Hyakutake, Yoshifumi and Nishimura, Jun and Takeuchi, Shingo",
    title = "{Higher derivative corrections to black hole thermodynamics from supersymmetric matrix quantum mechanics}",
    eprint = "0811.3102",
    archivePrefix = "arXiv",
    primaryClass = "hep-th",
    doi = "10.1103/PhysRevLett.102.191602",
    journal = "Phys. Rev. Lett.",
    volume = "102",
    pages = "191602",
    year = "2009"
}

@article{Asano:2016xsf,
    author = "Asano, Yuhma and Filev, Veselin G. and Kov\'a\v{c}ik, Samuel and O'Connor, Denjoe",
    title = "{The flavoured BFSS model at high temperature}",
    eprint = "1605.05597",
    archivePrefix = "arXiv",
    primaryClass = "hep-th",
    reportNumber = "DIAS-STP-16-04",
    doi = "10.1007/JHEP01(2017)113",
    journal = "JHEP",
    volume = "01",
    pages = "113",
    year = "2017"
}

@article{Asano:2016kxo,
    author = "Asano, Yuhma and Filev, Veselin G. and Kov\'a\v{c}ik, Samuel and O'Connor, Denjoe",
    title = "{A computer test of holographic  avour dynamics. Part II}",
    eprint = "1612.09281",
    archivePrefix = "arXiv",
    primaryClass = "hep-th",
    reportNumber = "DIAS-STP-16-13",
    doi = "10.1007/JHEP03(2018)055",
    journal = "JHEP",
    volume = "03",
    pages = "055",
    year = "2018"
}

@article{Han:2020bkb,
    author = "Han, Xizhi and Hartnoll, Sean A. and Kruthoff, Jorrit",
    title = "{Bootstrapping Matrix Quantum Mechanics}",
    eprint = "2004.10212",
    archivePrefix = "arXiv",
    primaryClass = "hep-th",
    doi = "10.1103/PhysRevLett.125.041601",
    journal = "Phys. Rev. Lett.",
    volume = "125",
    number = "4",
    pages = "041601",
    year = "2020"
}

@article{Asano:2017rdz,
    author = "Asano, Yuhma and Filev, Veselin G. and Kov\'a\v{c}ik, Samuel and O'Connor, Denjoe",
    editor = "Dobrev, Vladimir",
    title = "{Precision Test of Holographic Flavourdynamics}",
    doi = "10.1007/978-981-13-2179-5_12",
    journal = "Springer Proc. Math. Stat.",
    volume = "255",
    pages = "173--179",
    year = "2017"
}

@article{Korcyl:2009iz,
    author = "Korcyl, Piotr",
    title = "{Recursive approach to supersymmetric quantum mechanics for arbitrary fermion occupation number}",
    eprint = "0912.5265",
    archivePrefix = "arXiv",
    primaryClass = "hep-th",
    journal = "Acta Phys. Polon. B",
    volume = "41",
    pages = "795",
    year = "2010"
}

@article{Berkowitz:2016jlq,
    author = "Berkowitz, Evan and Rinaldi, Enrico and Hanada, Masanori and Ishiki, Goro and Shimasaki, Shinji and Vranas, Pavlos",
    title = "{Precision lattice test of the gauge/gravity duality at large-$N$}",
    eprint = "1606.04951",
    archivePrefix = "arXiv",
    primaryClass = "hep-lat",
    reportNumber = "LLNL-JRNL-694385, UTHEP-689, YITP-16-73",
    doi = "10.1103/PhysRevD.94.094501",
    journal = "Phys. Rev. D",
    volume = "94",
    number = "9",
    pages = "094501",
    year = "2016"
}

@inproceedings{Nishimura:2023jtu,
    author = "Nishimura, Jun",
    title = "{Quantum tunneling in the real-time path integral by the Lefschetz thimble method}",
    booktitle = "{CORFU2022: 22th Hellenic School and Workshops on Elementary Particle Physics and Gravity}",
    eprint = "2308.00345",
    archivePrefix = "arXiv",
    primaryClass = "hep-lat",
    reportNumber = "KEK-TH-2541",
    month = "8",
    year = "2023"
}

@article{Catterall:2008yz,
    author = "Catterall, Simon and Wiseman, Toby",
    title = "{Black hole thermodynamics from simulations of lattice Yang-Mills theory}",
    eprint = "0803.4273",
    archivePrefix = "arXiv",
    primaryClass = "hep-th",
    doi = "10.1103/PhysRevD.78.041502",
    journal = "Phys. Rev. D",
    volume = "78",
    pages = "041502",
    year = "2008"
}

@article{Aoki:2015uha,
    author = "Aoki, Sinya and Hanada, Masanori and Iizuka, Norihiro",
    title = "{Quantum Black Hole Formation in the BFSS Matrix Model}",
    eprint = "1503.05562",
    archivePrefix = "arXiv",
    primaryClass = "hep-th",
    reportNumber = "YITP-15-17",
    doi = "10.1007/JHEP07(2015)029",
    journal = "JHEP",
    volume = "07",
    pages = "029",
    year = "2015"
}

@article{Hanada:2019rzv,
    author = "Hanada, Masanori and Ishiki, Goro and Watanabe, Hiromasa",
    title = "{Partial deconfinement in gauge theories}",
    eprint = "1911.11465",
    archivePrefix = "arXiv",
    primaryClass = "hep-lat",
    reportNumber = "UTHEP-739",
    doi = "10.22323/1.363.0055",
    journal = "PoS",
    volume = "LATTICE2019",
    pages = "055",
    year = "2019"
}

@article{Catterall:2023tmr,
    author = "Catterall, Simon and Giedt, Joel and Toga, Goksu Can",
    title = "{Holography from lattice $N=4$ super Yang-Mills}",
    eprint = "2303.16025",
    archivePrefix = "arXiv",
    primaryClass = "hep-th",
    month = "3",
    year = "2023"
}

@article{Kanamori:2009dk,
    author = "Kanamori, Issaku",
    title = "{Vacuum energy of two-dimensional N=(2,2) super Yang-Mills theory}",
    eprint = "0902.2876",
    archivePrefix = "arXiv",
    primaryClass = "hep-lat",
    reportNumber = "RIKEN-TH-149",
    doi = "10.1103/PhysRevD.79.115015",
    journal = "Phys. Rev. D",
    volume = "79",
    pages = "115015",
    year = "2009"
}

@article{Morita:2013wla,
    author = "Morita, Takeshi and Shiba, Shotaro",
    title = "{Thermodynamics of black M-branes from SCFTs}",
    eprint = "1305.0789",
    archivePrefix = "arXiv",
    primaryClass = "hep-th",
    reportNumber = "KEK-TH-1628",
    doi = "10.1007/JHEP07(2013)100",
    journal = "JHEP",
    volume = "07",
    pages = "100",
    year = "2013"
}

@article{Kadoh:2017tgc,
    author = "Kadoh, Daisuke",
    title = "{Gauge/gravity duality \textemdash{} From lattice gauge theory to black hole}",
    doi = "10.1142/S0217751X17470182",
    journal = "Int. J. Mod. Phys. A",
    volume = "32",
    number = "36",
    pages = "1747018",
    year = "2017"
}

@article{OConnor:2016gbq,
    author = "O'Connor, Denjoe and Filev, Veselin G.",
    title = "{Membrane Matrix models and non-perturbative checks of gauge/gravity duality}",
    eprint = "1605.01611",
    archivePrefix = "arXiv",
    primaryClass = "hep-th",
    reportNumber = "DIAS-STP-16-03",
    doi = "10.22323/1.263.0111",
    journal = "PoS",
    volume = "CORFU2015",
    pages = "111",
    year = "2016"
}

@article{Berenstein:2016zgj,
    author = "Berenstein, David and Kawai, Daisuke",
    title = "{Smallest matrix black hole model in the classical limit}",
    eprint = "1608.08972",
    archivePrefix = "arXiv",
    primaryClass = "hep-th",
    doi = "10.1103/PhysRevD.95.106004",
    journal = "Phys. Rev. D",
    volume = "95",
    number = "10",
    pages = "106004",
    year = "2017"
}

@article{Kawai:2009vb,
    author = "Kawai, Hikaru and Shimasaki, Shinji and Tsuchiya, Asato",
    title = "{Large N reduction on group manifolds}",
    eprint = "0912.1456",
    archivePrefix = "arXiv",
    primaryClass = "hep-th",
    reportNumber = "KUNS-2245, RIKEN-TH-179",
    doi = "10.1142/S0217751X10049396",
    journal = "Int. J. Mod. Phys. A",
    volume = "25",
    pages = "3389--3406",
    year = "2010"
}

@article{Hanada:2007ti,
    author = "Hanada, Masanori and Nishimura, Jun and Takeuchi, Shingo",
    title = "{Non-lattice simulation for supersymmetric gauge theories in one dimension}",
    eprint = "0706.1647",
    archivePrefix = "arXiv",
    primaryClass = "hep-lat",
    reportNumber = "RIKEN-TH-104, KEK-TH-1158",
    doi = "10.1103/PhysRevLett.99.161602",
    journal = "Phys. Rev. Lett.",
    volume = "99",
    pages = "161602",
    year = "2007"
}

@article{Catterall:2007hk,
    author = "Catterall, Simon and Joseph, Anosh",
    title = "{Lattice actions for Yang-Mills quantum mechanics with exact supersymmetry}",
    eprint = "0712.3074",
    archivePrefix = "arXiv",
    primaryClass = "hep-lat",
    reportNumber = "SU-4252-871",
    doi = "10.1103/PhysRevD.77.094504",
    journal = "Phys. Rev. D",
    volume = "77",
    pages = "094504",
    year = "2008"
}

@article{Nishimura:2007clg,
    author = "Nishimura, Jun and Anagnostopoulos, Konstantinos N. and Hanada, Masanori and Takeuchi, Shingo",
    editor = "Bali, Gunnar and Braun, Vladimir and Gattringer, Christof and Gockeler, Meinulf and Schafer, Andreas and Weisz, Peter and Wettig, Tilo",
    title = "{Putting M theory on a computer}",
    eprint = "0801.4205",
    archivePrefix = "arXiv",
    primaryClass = "hep-lat",
    reportNumber = "RIKEN-TH-118",
    doi = "10.22323/1.042.0059",
    journal = "PoS",
    volume = "LATTICE2007",
    pages = "059",
    year = "2007"
}

@article{Kadoh:2017mcj,
    author = "Kadoh, Daisuke",
    title = "{Precision test of the gauge/gravity duality in two-dimensional N=(8,8) SYM}",
    eprint = "1702.01615",
    archivePrefix = "arXiv",
    primaryClass = "hep-lat",
    doi = "10.22323/1.256.0033",
    journal = "PoS",
    volume = "LATTICE2016",
    pages = "033",
    year = "2017"
}

@article{Steinhauer:2014oda,
    author = "Steinhauer, Kyle and Wenger, Urs",
    title = "{Loop formulation of supersymmetric Yang-Mills quantum mechanics}",
    eprint = "1410.0235",
    archivePrefix = "arXiv",
    primaryClass = "hep-lat",
    doi = "10.1007/JHEP12(2014)044",
    journal = "JHEP",
    volume = "12",
    pages = "044",
    year = "2014"
}

@article{Ishiki:2008te,
    author = "Ishiki, Goro and Kim, Sang-Woo and Nishimura, Jun and Tsuchiya, Asato",
    title = "{Deconfinement phase transition in N=4 super Yang-Mills theory on R x S**3 from supersymmetric matrix quantum mechanics}",
    eprint = "0810.2884",
    archivePrefix = "arXiv",
    primaryClass = "hep-th",
    reportNumber = "OU-HET-613, KEK-TH-1280",
    doi = "10.1103/PhysRevLett.102.111601",
    journal = "Phys. Rev. Lett.",
    volume = "102",
    pages = "111601",
    year = "2009"
}

@article{Hashimoto:2019gzf,
    author = "Hashimoto, Koji and Sasaki, Wataru and Sumimoto, Takayuki",
    title = "{$1/N$ correction in holographic Wilson loop from quantum gravity}",
    eprint = "1905.02632",
    archivePrefix = "arXiv",
    primaryClass = "hep-th",
    reportNumber = "OU-HET-1018",
    doi = "10.1007/JHEP12(2019)138",
    journal = "JHEP",
    volume = "12",
    pages = "138",
    year = "2019"
}

@article{Berenstein:2021gfx,
    author = "Berenstein, David and Guan, Yueshu",
    title = "{Improved semiclassical model for real-time evaporation of matrix black holes}",
    eprint = "2105.04577",
    archivePrefix = "arXiv",
    primaryClass = "hep-th",
    doi = "10.1142/S0217751X21502195",
    journal = "Int. J. Mod. Phys. A",
    volume = "36",
    number = "29",
    pages = "2150219",
    year = "2021"
}

@article{Riggins:2012qt,
    author = "Riggins, Paul and Sahakian, Vatche",
    title = "{On black hole thermalization, D0 brane dynamics, and emergent spacetime}",
    eprint = "1205.3847",
    archivePrefix = "arXiv",
    primaryClass = "hep-th",
    doi = "10.1103/PhysRevD.86.046005",
    journal = "Phys. Rev. D",
    volume = "86",
    pages = "046005",
    year = "2012"
}

@article{Catterall:2018laz,
    author = "Catterall, Simon and Giedt, Joel and Jha, Raghav G.",
    title = "{Removal of the trace mode in lattice $N=4$ super Yang-Mills theory}",
    eprint = "1808.04735",
    archivePrefix = "arXiv",
    primaryClass = "hep-lat",
    reportNumber = "PhysRevD.98.095017",
    doi = "10.1103/PhysRevD.98.095017",
    journal = "Phys. Rev. D",
    volume = "98",
    number = "9",
    pages = "095017",
    year = "2018"
}

@article{Filev:2015hia,
    author = "Filev, Veselin G. and O'Connor, Denjoe",
    title = "{The BFSS model on the lattice}",
    eprint = "1506.01366",
    archivePrefix = "arXiv",
    primaryClass = "hep-th",
    reportNumber = "DIAS-STP-15-09",
    doi = "10.1007/JHEP05(2016)167",
    journal = "JHEP",
    volume = "05",
    pages = "167",
    year = "2016"
}

@article{Pateloudis:2022oos,
    author = {Pateloudis, Stratos and Bergner, Georg and Bodendorfer, Norbert and Hanada, Masanori and Rinaldi, Enrico and Sch\"afer, Andreas},
    title = "{Nonperturbative test of the Maldacena-Milekhin conjecture for the BMN matrix model}",
    eprint = "2205.06098",
    archivePrefix = "arXiv",
    primaryClass = "hep-th",
    doi = "10.1007/JHEP08(2022)178",
    journal = "JHEP",
    volume = "08",
    pages = "178",
    year = "2022"
}

@article{Azeyanagi:2007su,
    author = "Azeyanagi, Tatsuo and Hanada, Masanori and Hirata, Tomoyoshi and Ishikawa, Tomomi",
    title = "{Phase structure of twisted Eguchi-Kawai model}",
    eprint = "0711.1925",
    archivePrefix = "arXiv",
    primaryClass = "hep-lat",
    reportNumber = "KUNS-2068, RIKEN-TH-97, RBRC-682, WIS-19-07-NOV-DPP",
    doi = "10.1088/1126-6708/2008/01/025",
    journal = "JHEP",
    volume = "01",
    pages = "025",
    year = "2008"
}

@article{Lin:2014wka,
    author = "Lin, Ying-Hsuan and Yin, Xi",
    title = "{On the Ground State Wave Function of Matrix Theory}",
    eprint = "1402.0055",
    archivePrefix = "arXiv",
    primaryClass = "hep-th",
    doi = "10.1007/JHEP11(2015)027",
    journal = "JHEP",
    volume = "11",
    pages = "027",
    year = "2015"
}

@article{Catterall:2010ya,
    author = "Catterall, Simon and Joseph, Anosh and Wiseman, Toby",
    editor = "Das, Sumit R. and Shapere, Alfred D.",
    title = "{Gauge theory duals of black hole - black string transitions of gravitational theories on a circle}",
    eprint = "1009.0529",
    archivePrefix = "arXiv",
    primaryClass = "hep-th",
    reportNumber = "SU-4252-905",
    doi = "10.1088/1742-6596/462/1/012022",
    journal = "J. Phys. Conf. Ser.",
    volume = "462",
    number = "1",
    pages = "012022",
    year = "2013"
}

@article{Berenstein:2013tya,
    author = "Berenstein, David and Dzienkowski, Eric",
    title = "{Numerical Evidence for Firewalls}",
    eprint = "1311.1168",
    archivePrefix = "arXiv",
    primaryClass = "hep-th",
    month = "11",
    year = "2013"
}

@article{Ishiki:2016yjp,
    author = "Ishiki, Goro and Matsumoto, Takaki and Muraki, Hisayoshi",
    title = {{K\"ahler structure in the commutative limit of matrix geometry}},
    eprint = "1603.09146",
    archivePrefix = "arXiv",
    primaryClass = "hep-th",
    reportNumber = "UTHEP-685",
    doi = "10.1007/JHEP08(2016)042",
    journal = "JHEP",
    volume = "08",
    pages = "042",
    year = "2016"
}

@inproceedings{Danshita:2017lwf,
    author = "Danshita, Ippei and Hanada, Masanori and Tezuka, Masaki",
    title = "{How to make a quantum black hole with ultra-cold gases}",
    booktitle = "{35th International Symposium on Lattice Field Theory}",
    eprint = "1709.07189",
    archivePrefix = "arXiv",
    primaryClass = "cond-mat.quant-gas",
    month = "9",
    year = "2017"
}

@article{Pateloudis:2022ijr,
    author = {Pateloudis, Stratos and Bergner, Georg and Hanada, Masanori and Rinaldi, Enrico and Sch\"afer, Andreas and Vranas, Pavlos and Watanabe, Hiromasa and Bodendorfer, Norbert},
    collaboration = "Monte Carlo String/M-theory (MCSMC)",
    title = "{Precision test of gauge/gravity duality in D0-brane matrix model at low temperature}",
    eprint = "2210.04881",
    archivePrefix = "arXiv",
    primaryClass = "hep-th",
    doi = "10.1007/JHEP03(2023)071",
    journal = "JHEP",
    volume = "03",
    pages = "071",
    year = "2023"
}

@article{Jha:2017zad,
    author = "Jha, Raghav G. and Catterall, Simon and Schaich, David and Wiseman, Toby",
    editor = "Della Morte, M. and Fritzsch, P. and G\'amiz S\'anchez, E. and Pena Ruano, C.",
    title = "{Testing the holographic principle using lattice simulations}",
    eprint = "1710.06398",
    archivePrefix = "arXiv",
    primaryClass = "hep-lat",
    doi = "10.1051/epjconf/201817508004",
    journal = "EPJ Web Conf.",
    volume = "175",
    pages = "08004",
    year = "2018"
}

@article{Azuma:2017mkx,
    author = "Azuma, Takehiro and Basu, Pallab and Samantray, Prasant",
    title = "{Phase Transitions of a (Super) Quantum Mechanical Matrix Model with a Chemical Potential}",
    eprint = "1707.02898",
    archivePrefix = "arXiv",
    primaryClass = "hep-th",
    doi = "10.1007/JHEP09(2017)071",
    journal = "JHEP",
    volume = "09",
    pages = "071",
    year = "2017"
}

@article{Hanada:2009ne,
    author = "Hanada, Masanori and Nishimura, Jun and Sekino, Yasuhiro and Yoneya, Tamiaki",
    title = "{Monte Carlo studies of Matrix theory correlation functions}",
    eprint = "0911.1623",
    archivePrefix = "arXiv",
    primaryClass = "hep-th",
    reportNumber = "WS-14-09-NOV-DPPA, KEK-TH-1337, OIQP-09-12, UT-KOMABA-09-5",
    doi = "10.1103/PhysRevLett.104.151601",
    journal = "Phys. Rev. Lett.",
    volume = "104",
    pages = "151601",
    year = "2010"
}

@article{Heller:2021ofw,
    author = "Heller, Nick and Sahakian, Vatche",
    title = "{Strongly coupled matrix theory and stochastic quantization: A new approach to holographic dualities}",
    eprint = "2108.08872",
    archivePrefix = "arXiv",
    primaryClass = "hep-th",
    doi = "10.1103/PhysRevD.105.026012",
    journal = "Phys. Rev. D",
    volume = "105",
    number = "2",
    pages = "026012",
    year = "2022"
}

@article{Ishiki:2015saa,
    author = "Ishiki, Goro",
    title = "{Matrix Geometry and Coherent States}",
    eprint = "1503.01230",
    archivePrefix = "arXiv",
    primaryClass = "hep-th",
    reportNumber = "UTHEP-669",
    doi = "10.1103/PhysRevD.92.046009",
    journal = "Phys. Rev. D",
    volume = "92",
    number = "4",
    pages = "046009",
    year = "2015"
}

@article{Catterall:2010gf,
    author = "Catterall, Simon and van Anders, Greg",
    title = "{First Results from Lattice Simulation of the PWMM}",
    eprint = "1003.4952",
    archivePrefix = "arXiv",
    primaryClass = "hep-th",
    reportNumber = "MCTP-10-13",
    doi = "10.1007/JHEP09(2010)088",
    journal = "JHEP",
    volume = "09",
    pages = "088",
    year = "2010"
}

@article{Hanada:2013rga,
    author = "Hanada, Masanori and Hyakutake, Yoshifumi and Ishiki, Goro and Nishimura, Jun",
    title = "{Holographic description of quantum black hole on a computer}",
    eprint = "1311.5607",
    archivePrefix = "arXiv",
    primaryClass = "hep-th",
    reportNumber = "YITP-13-96, KEK-TH-1686",
    doi = "10.1126/science.1250122",
    journal = "Science",
    volume = "344",
    pages = "882--885",
    year = "2014"
}

@article{Mandal:2009vz,
    author = "Mandal, Gautam and Mahato, Manavendra and Morita, Takeshi",
    title = "{Phases of one dimensional large N gauge theory in a 1/D expansion}",
    eprint = "0910.4526",
    archivePrefix = "arXiv",
    primaryClass = "hep-th",
    reportNumber = "TIFR-TH-09-14",
    doi = "10.1007/JHEP02(2010)034",
    journal = "JHEP",
    volume = "02",
    pages = "034",
    year = "2010"
}

@article{Asano:2018nol,
    author = "Asano, Yuhma and Filev, Veselin G. and Kov\'a\v{c}ik, Samuel and O'Connor, Denjoe",
    title = "{The non-perturbative phase diagram of the BMN matrix model}",
    eprint = "1805.05314",
    archivePrefix = "arXiv",
    primaryClass = "hep-th",
    reportNumber = "DIAS-STP-18-09, KEK-TH-2053, DIAS-STP-18-09 and KEK-TH-2053",
    doi = "10.1007/JHEP07(2018)152",
    journal = "JHEP",
    volume = "07",
    pages = "152",
    year = "2018"
}

@article{Lin:2023owt,
    author = "Lin, Henry W.",
    title = "{Bootstrap bounds on D0-brane quantum mechanics}",
    eprint = "2302.04416",
    archivePrefix = "arXiv",
    primaryClass = "hep-th",
    doi = "10.1007/JHEP06(2023)038",
    journal = "JHEP",
    volume = "06",
    pages = "038",
    year = "2023"
}

@article{Catterall:2010nd,
    author = "Catterall, Simon",
    editor = "Das, Sumit R. and Shapere, Alfred D.",
    title = "{Supersymmetric lattices}",
    eprint = "1005.5346",
    archivePrefix = "arXiv",
    primaryClass = "hep-lat",
    doi = "10.1088/1742-6596/462/1/012006",
    journal = "J. Phys. Conf. Ser.",
    volume = "462",
    number = "1",
    pages = "012006",
    year = "2013"
}

@article{Kato:2011yh,
    author = "Kato, Junji and Kondo, Yoshi and Miyake, Akiko",
    title = "{Mass deformation of twisted super Yang-Mills theory with fuzzy sphere solution}",
    eprint = "1104.1252",
    archivePrefix = "arXiv",
    primaryClass = "hep-th",
    reportNumber = "EPHOU-11-002",
    doi = "10.1007/JHEP09(2011)019",
    journal = "JHEP",
    volume = "09",
    pages = "019",
    year = "2011"
}

@article{Kuroki:2009yg,
    author = "Kuroki, Tsunehide and Sugino, Fumihiko",
    title = "{Spontaneous supersymmetry breaking in large-N matrix models with slowly varying potential}",
    eprint = "0909.3952",
    archivePrefix = "arXiv",
    primaryClass = "hep-th",
    reportNumber = "OIQP-09-10",
    doi = "10.1016/j.nuclphysb.2009.12.021",
    journal = "Nucl. Phys. B",
    volume = "830",
    pages = "434--473",
    year = "2010"
}

@article{Hanada:2010jr,
    author = "Hanada, Masanori and Matsuura, So and Nishimura, Jun and Robles-Llana, Daniel",
    title = "{Nonperturbative studies of supersymmetric matrix quantum mechanics with 4 and 8 supercharges at finite temperature}",
    eprint = "1012.2913",
    archivePrefix = "arXiv",
    primaryClass = "hep-th",
    doi = "10.1007/JHEP02(2011)060",
    journal = "JHEP",
    volume = "02",
    pages = "060",
    year = "2011"
}

@article{Catterall:2010jh,
    author = "Catterall, Simon",
    editor = "Rossi, Giancarlo",
    title = "{Twisted lattice supersymmetry and applications to AdS/CFT}",
    eprint = "1010.6224",
    archivePrefix = "arXiv",
    primaryClass = "hep-lat",
    doi = "10.22323/1.105.0002",
    journal = "PoS",
    volume = "LATTICE2010",
    pages = "002",
    year = "2010"
}

@article{Azuma:2007fj,
    author = "Azuma, Takehiro and Basu, Pallab and Wadia, Spenta R.",
    title = "{Monte Carlo Studies of the GWW Phase Transition in Large-N Gauge Theories}",
    eprint = "0710.5873",
    archivePrefix = "arXiv",
    primaryClass = "hep-th",
    reportNumber = "TIFR-TH-07-29",
    doi = "10.1016/j.physletb.2007.11.088",
    journal = "Phys. Lett. B",
    volume = "659",
    pages = "676--682",
    year = "2008"
}

@article{Kadoh:2015mka,
    author = "Kadoh, Daisuke and Kamata, Syo",
    title = "{Gauge/gravity duality and lattice simulations of one dimensional SYM with sixteen supercharges}",
    eprint = "1503.08499",
    archivePrefix = "arXiv",
    primaryClass = "hep-lat",
    month = "3",
    year = "2015"
}

@article{Catterall:2008dv,
    author = "Catterall, Simon",
    title = "{First results from simulations of supersymmetric lattices}",
    eprint = "0811.1203",
    archivePrefix = "arXiv",
    primaryClass = "hep-lat",
    doi = "10.1088/1126-6708/2009/01/040",
    journal = "JHEP",
    volume = "01",
    pages = "040",
    year = "2009"
}

@article{Hanada:2008gy,
    author = "Hanada, Masanori and Miwa, Akitsugu and Nishimura, Jun and Takeuchi, Shingo",
    title = "{Schwarzschild radius from Monte Carlo calculation of the Wilson loop in supersymmetric matrix quantum mechanics}",
    eprint = "0811.2081",
    archivePrefix = "arXiv",
    primaryClass = "hep-th",
    doi = "10.1103/PhysRevLett.102.181602",
    journal = "Phys. Rev. Lett.",
    volume = "102",
    pages = "181602",
    year = "2009"
}

@article{Lin:2013jra,
    author = "Lin, Ying-Hsuan and Shao, Shu-Heng and Wang, Yifan and Yin, Xi",
    title = "{A Low Temperature Expansion for Matrix Quantum Mechanics}",
    eprint = "1304.1593",
    archivePrefix = "arXiv",
    primaryClass = "hep-th",
    doi = "10.1007/JHEP05(2015)136",
    journal = "JHEP",
    volume = "05",
    pages = "136",
    year = "2015"
}

@article{Filev:2015cmz,
    author = "Filev, Veselin G. and O'Connor, Denjoe",
    title = "{A Computer Test of Holographic Flavour Dynamics}",
    eprint = "1512.02536",
    archivePrefix = "arXiv",
    primaryClass = "hep-th",
    reportNumber = "DIAS-STP-14-12, DIAS-STP-15-12",
    doi = "10.1007/JHEP05(2016)122",
    journal = "JHEP",
    volume = "05",
    pages = "122",
    year = "2016"
}

@article{Honda:2010nx,
    author = "Honda, Masazumi and Ishiki, Goro and Kim, Sang-Woo and Nishimura, Jun and Tsuchiya, Asato",
    editor = "Rossi, Giancarlo",
    title = "{Supersymmetry non-renormalization theorem from a computer and the AdS/CFT correspondence}",
    eprint = "1011.3904",
    archivePrefix = "arXiv",
    primaryClass = "hep-lat",
    reportNumber = "KEK-TH-1420",
    doi = "10.22323/1.105.0253",
    journal = "PoS",
    volume = "LATTICE2010",
    pages = "253",
    year = "2010"
}

@article{Kawahara:2007ib,
    author = "Kawahara, Naoyuki and Nishimura, Jun and Takeuchi, Shingo",
    title = "{High temperature expansion in supersymmetric matrix quantum mechanics}",
    eprint = "0710.2188",
    archivePrefix = "arXiv",
    primaryClass = "hep-th",
    reportNumber = "KEK-TH-1193",
    doi = "10.1088/1126-6708/2007/12/103",
    journal = "JHEP",
    volume = "12",
    pages = "103",
    year = "2007"
}

@article{Baskan:2022tmx,
    author = "Ba\c{s}kan, K. and Kurkcuoglu, Seckin and Oktay, O. and Ta\c{s}c\i{}, C.",
    title = "{Chaos in Matrix Gauge Theories with Massive Deformations}",
    eprint = "2204.10391",
    archivePrefix = "arXiv",
    primaryClass = "hep-th",
    doi = "10.22323/1.406.0294",
    journal = "PoS",
    volume = "CORFU2021",
    pages = "294",
    year = "2022"
}

@article{Danshita:2016xbo,
    author = "Danshita, Ippei and Hanada, Masanori and Tezuka, Masaki",
    title = "{Creating and probing the Sachdev-Ye-Kitaev model with ultracold gases: Towards experimental studies of quantum gravity}",
    eprint = "1606.02454",
    archivePrefix = "arXiv",
    primaryClass = "cond-mat.quant-gas",
    reportNumber = "YITP-16-71",
    doi = "10.1093/ptep/ptx108",
    journal = "PTEP",
    volume = "2017",
    number = "8",
    pages = "083I01",
    year = "2017"
}

@article{Hanada:2016zxj,
    author = "Hanada, Masanori and Hyakutake, Yoshifumi and Ishiki, Goro and Nishimura, Jun",
    title = "{Numerical tests of the gauge/gravity duality conjecture for D0-branes at finite temperature and finite N}",
    eprint = "1603.00538",
    archivePrefix = "arXiv",
    primaryClass = "hep-th",
    reportNumber = "YITP-16-20, UTHEP-682, KEK-TH-1891",
    doi = "10.1103/PhysRevD.94.086010",
    journal = "Phys. Rev. D",
    volume = "94",
    number = "8",
    pages = "086010",
    year = "2016"
}

@article{Baskan:2019qsb,
    author = {Ba\c{s}kan, K. and K\"urk\c{c}\"uoǧlu, S. and Oktay, O. and Ta\c{s}c\i{}, C.},
    title = "{Chaos from Massive Deformations of Yang-Mills Matrix Models}",
    eprint = "1912.00932",
    archivePrefix = "arXiv",
    primaryClass = "hep-th",
    doi = "10.1007/JHEP10(2020)003",
    journal = "JHEP",
    volume = "10",
    pages = "003",
    year = "2020"
}

@article{Dias:2016eto,
    author = "Dias, \'Oscar J. C. and Santos, Jorge E. and Way, Benson",
    title = "{Localised $AdS_5\times S^5$ Black Holes}",
    eprint = "1605.04911",
    archivePrefix = "arXiv",
    primaryClass = "hep-th",
    doi = "10.1103/PhysRevLett.117.151101",
    journal = "Phys. Rev. Lett.",
    volume = "117",
    number = "15",
    pages = "151101",
    year = "2016"
}

@article{Honda:2011qk,
    author = "Honda, Masazumi and Ishiki, Goro and Nishimura, Jun and Tsuchiya, Asato",
    editor = "Vranas, Pavlos",
    title = "{Testing the AdS/CFT correspondence by Monte Carlo calculation of BPS and non-BPS Wilson loops in 4d N=4 super-Yang-Mills theory}",
    eprint = "1112.4274",
    archivePrefix = "arXiv",
    primaryClass = "hep-lat",
    reportNumber = "KEK-TH-1513",
    doi = "10.22323/1.139.0244",
    journal = "PoS",
    volume = "LATTICE2011",
    pages = "244",
    year = "2011"
}

@article{Baskan:2022dys,
    author = {Ba\c{s}kan, K. and K\"urk\c{c}\"uo\u{g}lu, S. and Ta\c{s}c\i{}, C.},
    title = "{Chaotic dynamics of the mass deformed ABJM model}",
    eprint = "2203.08240",
    archivePrefix = "arXiv",
    primaryClass = "hep-th",
    doi = "10.1103/PhysRevD.107.066006",
    journal = "Phys. Rev. D",
    volume = "107",
    number = "6",
    pages = "066006",
    year = "2023"
}

@article{Ishiki:2009vr,
    author = "Ishiki, Goro and Shimasaki, Shinji and Tsuchiya, Asato",
    title = "{Large N reduction for Chern-Simons theory on S**3}",
    eprint = "0908.1711",
    archivePrefix = "arXiv",
    primaryClass = "hep-th",
    reportNumber = "KEK-TH-1326, KUNS-2226",
    doi = "10.1103/PhysRevD.80.086004",
    journal = "Phys. Rev. D",
    volume = "80",
    pages = "086004",
    year = "2009"
}

@article{Smilga:2008bt,
    author = "Smilga, A. V.",
    title = "{Comments on thermodynamics of supersymmetric matrix models}",
    eprint = "0812.4753",
    archivePrefix = "arXiv",
    primaryClass = "hep-th",
    doi = "10.1016/j.nuclphysb.2009.03.023",
    journal = "Nucl. Phys. B",
    volume = "818",
    pages = "101--114",
    year = "2009"
}

@article{Costa:2014wya,
    author = "Costa, Miguel S. and Greenspan, Lauren and Penedones, Joao and Santos, Jorge",
    title = "{Thermodynamics of the BMN matrix model at strong coupling}",
    eprint = "1411.5541",
    archivePrefix = "arXiv",
    primaryClass = "hep-th",
    doi = "10.1007/JHEP03(2015)069",
    journal = "JHEP",
    volume = "03",
    pages = "069",
    year = "2015"
}

@article{Berkowitz:2018qhn,
    author = "Berkowitz, Evan and Hanada, Masanori and Rinaldi, Enrico and Vranas, Pavlos",
    title = "{Gauged And Ungauged: A Nonperturbative Test}",
    eprint = "1802.02985",
    archivePrefix = "arXiv",
    primaryClass = "hep-th",
    reportNumber = "YITP-18-01, RBRC-1267",
    doi = "10.1007/JHEP06(2018)124",
    journal = "JHEP",
    volume = "06",
    pages = "124",
    year = "2018"
}

@article{Pinzul:2017wch,
    author = "Pinzul, A. and Stern, A.",
    title = "{Non-commutative $AdS_2/CFT_1$ duality: the case of massless scalar fields}",
    eprint = "1707.04816",
    archivePrefix = "arXiv",
    primaryClass = "hep-th",
    doi = "10.1103/PhysRevD.96.066019",
    journal = "Phys. Rev. D",
    volume = "96",
    number = "6",
    pages = "066019",
    year = "2017"
}

@article{Iizuka:2013yla,
    author = "Iizuka, Norihiro and Kabat, Daniel and Roy, Shubho and Sarkar, Debajyoti",
    title = "{Black Hole Formation at the Correspondence Point}",
    eprint = "1303.7278",
    archivePrefix = "arXiv",
    primaryClass = "hep-th",
    reportNumber = "YITP-13-21",
    doi = "10.1103/PhysRevD.87.126010",
    journal = "Phys. Rev. D",
    volume = "87",
    number = "12",
    pages = "126010",
    year = "2013"
}

@article{Gur-Ari:2015rcq,
    author = "Gur-Ari, Guy and Hanada, Masanori and Shenker, Stephen H.",
    title = "{Chaos in Classical D0-Brane Mechanics}",
    eprint = "1512.00019",
    archivePrefix = "arXiv",
    primaryClass = "hep-th",
    doi = "10.1007/JHEP02(2016)091",
    journal = "JHEP",
    volume = "02",
    pages = "091",
    year = "2016"
}

@article{Hanada:2022wcq,
    author = "Hanada, Masanori and Watanabe, Hiromasa",
    title = "{Partial deconfinement: a brief overview}",
    eprint = "2210.11216",
    archivePrefix = "arXiv",
    primaryClass = "hep-th",
    reportNumber = "DMUS-MP-22/16, KEK-TH-2445, YITP-22-118",
    doi = "10.1140/epjs/s11734-022-00709-0",
    journal = "Eur. Phys. J. ST",
    volume = "232",
    number = "3",
    pages = "333--337",
    year = "2023"
}

@article{Anagnostopoulos:2010ux,
    author = "Anagnostopoulos, Konstantinos N. and Azuma, Takehiro and Nishimura, Jun",
    title = "{A General approach to the sign problem: The Factorization method with multiple observables}",
    eprint = "1009.4504",
    archivePrefix = "arXiv",
    primaryClass = "cond-mat.stat-mech",
    reportNumber = "KEK-TH-1399",
    doi = "10.1103/PhysRevD.83.054504",
    journal = "Phys. Rev. D",
    volume = "83",
    pages = "054504",
    year = "2011"
}

@article{Catterall:2009xn,
    author = "Catterall, Simon and Wiseman, Toby",
    title = "{Extracting black hole physics from the lattice}",
    eprint = "0909.4947",
    archivePrefix = "arXiv",
    primaryClass = "hep-th",
    doi = "10.1007/JHEP04(2010)077",
    journal = "JHEP",
    volume = "04",
    pages = "077",
    year = "2010"
}

@article{Coskun:2018wmz,
    author = {Co\c{s}kun, \"U. H. and Kurkcuoglu, S. and Toga, G. C. and Unal, G.},
    title = "{Chaos from equivariant fields on fuzzy S$^{4}$}",
    eprint = "1806.10524",
    archivePrefix = "arXiv",
    primaryClass = "hep-th",
    doi = "10.1007/JHEP12(2018)015",
    journal = "JHEP",
    volume = "12",
    pages = "015",
    year = "2018"
}

@article{Dhindsa:2022uqn,
    author = "Dhindsa, Navdeep Singh and Jha, Raghav G. and Joseph, Anosh and Samlodia, Abhishek and Schaich, David",
    title = "{Non-perturbative phase structure of the bosonic BMN matrix model}",
    eprint = "2201.08791",
    archivePrefix = "arXiv",
    primaryClass = "hep-lat",
    doi = "10.1007/JHEP05(2022)169",
    journal = "JHEP",
    volume = "05",
    pages = "169",
    year = "2022"
}

@article{Sahakian:2017uwm,
    author = "Sahakian, Vatche and Tawabutr, Yossathorn and Yan, Cynthia",
    title = "{Emergent spacetime \textbackslash{}\& Quantum Entanglement in Matrix theory}",
    eprint = "1705.01128",
    archivePrefix = "arXiv",
    primaryClass = "hep-th",
    doi = "10.1007/JHEP08(2017)140",
    journal = "JHEP",
    volume = "08",
    pages = "140",
    year = "2017"
}

@article{Berkowitz:2016znt,
    author = "Berkowitz, Evan and Hanada, Masanori and Maltz, Jonathan",
    title = "{Chaos in Matrix Models and Black Hole Evaporation}",
    eprint = "1602.01473",
    archivePrefix = "arXiv",
    primaryClass = "hep-th",
    reportNumber = "UCB-PTH-16-01, SU-ITP-16-02, LLNL-JRNL-681857, UCB-PTH-16/01, SU-ITP-16/02, YITP-16-5",
    doi = "10.1103/PhysRevD.94.126009",
    journal = "Phys. Rev. D",
    volume = "94",
    number = "12",
    pages = "126009",
    year = "2016"
}

@article{Anagnostopoulos:2011rr,
    author = "Anagnostopoulos, Konstantinos N. and Azuma, Takehiro and Nishimura, Jun",
    editor = "Vranas, Pavlos",
    title = "{Towards an Effective Importance Sampling in Monte Carlo Simulations of a System with a Complex Action}",
    eprint = "1110.6531",
    archivePrefix = "arXiv",
    primaryClass = "hep-lat",
    doi = "10.22323/1.139.0181",
    journal = "PoS",
    volume = "LATTICE2011",
    pages = "181",
    year = "2011"
}

@article{Ambrozinski:2014jma,
    author = "Ambrozinski, Zbigniew",
    title = "{D=4 supersymmetric Yang-Mills quantum mechanics with three colors}",
    eprint = "1409.7435",
    archivePrefix = "arXiv",
    primaryClass = "hep-th",
    month = "9",
    year = "2014"
}

@article{Berenstein:2012ts,
    author = "Berenstein, David and Dzienkowski, Eric",
    title = "{Matrix embeddings on flat $R^3$ and the geometry of membranes}",
    eprint = "1204.2788",
    archivePrefix = "arXiv",
    primaryClass = "hep-th",
    reportNumber = "NSF-KITP-12-050",
    doi = "10.1103/PhysRevD.86.086001",
    journal = "Phys. Rev. D",
    volume = "86",
    pages = "086001",
    year = "2012"
}

@article{Kanamori:2008bk,
    author = "Kanamori, Issaku and Suzuki, Hiroshi",
    title = "{Restoration of supersymmetry on the lattice: Two-dimensional N = (2,2) supersymmetric Yang-Mills theory}",
    eprint = "0809.2856",
    archivePrefix = "arXiv",
    primaryClass = "hep-lat",
    reportNumber = "RIKEN-TH-140",
    doi = "10.1016/j.nuclphysb.2008.11.021",
    journal = "Nucl. Phys. B",
    volume = "811",
    pages = "420--437",
    year = "2009"
}

@article{Berenstein:2010dg,
    author = "Berenstein, David and Nakada, Yuichiro",
    title = "{The Shape of Emergent Quantum Geometry from an N=4 SYM Minisuperspace Approximation}",
    eprint = "1001.4509",
    archivePrefix = "arXiv",
    primaryClass = "hep-th",
    month = "1",
    year = "2010"
}

@article{Maldacena:2018vsr,
    author = "Maldacena, Juan and Milekhin, Alexey",
    title = "{To gauge or not to gauge?}",
    eprint = "1802.00428",
    archivePrefix = "arXiv",
    primaryClass = "hep-th",
    doi = "10.1007/JHEP04(2018)084",
    journal = "JHEP",
    volume = "04",
    pages = "084",
    year = "2018"
}

@article{Balthazar:2016utu,
    author = "Balthazar, Bruno and Rodriguez, Victor A. and Yin, Xi",
    title = "{Hamiltonian Truncation Study of Supersymmetric Quantum Mechanics: S-Matrix and Metastable States}",
    eprint = "1610.07275",
    archivePrefix = "arXiv",
    primaryClass = "hep-th",
    doi = "10.1007/JHEP08(2019)100",
    journal = "JHEP",
    volume = "08",
    pages = "100",
    year = "2019"
}

@article{Anagnostopoulos:2010yu,
    author = "Anagnostopoulos, Konstantinos N. and Azuma, Takehiro and Nishimura, Jun",
    editor = "Rossi, Giancarlo",
    title = "{A Study of the Complex Action Problem in a Simple Model for Dynamical Compactification in Superstring Theory Using the Factorization Method}",
    eprint = "1010.0957",
    archivePrefix = "arXiv",
    primaryClass = "hep-lat",
    doi = "10.22323/1.105.0167",
    journal = "PoS",
    volume = "LATTICE2010",
    pages = "167",
    year = "2010"
}

@article{Morita:2013wfa,
    author = "Morita, Takeshi and Shiba, Shotaro and Wiseman, Toby and Withers, Benjamin",
    title = "{Warm p-soup and near extremal black holes}",
    eprint = "1311.6540",
    archivePrefix = "arXiv",
    primaryClass = "hep-th",
    doi = "10.1088/0264-9381/31/8/085001",
    journal = "Class. Quant. Grav.",
    volume = "31",
    pages = "085001",
    year = "2014"
}

@article{Milekhin:2020zpg,
    author = "Milekhin, Alexey",
    title = "{Quantum error correction and large $N$}",
    eprint = "2008.12869",
    archivePrefix = "arXiv",
    primaryClass = "hep-th",
    doi = "10.21468/SciPostPhys.11.5.094",
    journal = "SciPost Phys.",
    volume = "11",
    pages = "094",
    year = "2021"
}

@article{Matsuura:2008cfa,
    author = "Matsuura, So",
    title = "{Two-dimensional N=(2,2) Supersymmetric Lattice Gauge Theory with Matter Fields in the Fundamental Representation}",
    eprint = "0805.4491",
    archivePrefix = "arXiv",
    primaryClass = "hep-th",
    doi = "10.1088/1126-6708/2008/07/127",
    journal = "JHEP",
    volume = "07",
    pages = "127",
    year = "2008"
}

@article{Hanada:2010kt,
    author = "Hanada, Masanori and Matsuura, So and Sugino, Fumihiko",
    title = "{Two-dimensional lattice for four-dimensional N=4 supersymmetric Yang-Mills}",
    eprint = "1004.5513",
    archivePrefix = "arXiv",
    primaryClass = "hep-lat",
    reportNumber = "WIS-05-10-APR-DPPA, OIQP-10-03",
    doi = "10.1143/PTP.126.597",
    journal = "Prog. Theor. Phys.",
    volume = "126",
    pages = "597--611",
    year = "2011"
}

@article{Kanamori:2010gw,
    author = "Kanamori, Issaku",
    title = "{A Method for Measuring the Witten Index Using Lattice Simulation}",
    eprint = "1006.2468",
    archivePrefix = "arXiv",
    primaryClass = "hep-lat",
    reportNumber = "DFTT-06-2010",
    doi = "10.1016/j.nuclphysb.2010.08.010",
    journal = "Nucl. Phys. B",
    volume = "841",
    pages = "426--447",
    year = "2010"
}

@article{Bergner:2019rca,
    author = {Bergner, Georg and Bodendorfer, Norbert and Hanada, Masanori and Rinaldi, Enrico and Sch\"afer, Andreas and Vranas, Pavlos},
    title = "{Thermal phase transition in Yang-Mills matrix model}",
    eprint = "1909.04592",
    archivePrefix = "arXiv",
    primaryClass = "hep-th",
    reportNumber = "LLNL-JRNL-782380, RIKEN-iTHEMS-Report-19",
    doi = "10.1007/JHEP01(2020)053",
    journal = "JHEP",
    volume = "01",
    pages = "053",
    year = "2020"
}

@article{Hyakutake:2018bht,
    author = "Hyakutake, Yoshifumi",
    title = "{Black hole and fuzzy objects in the BFSS matrix model}",
    eprint = "1801.07869",
    archivePrefix = "arXiv",
    primaryClass = "hep-th",
    doi = "10.1103/PhysRevD.98.046023",
    journal = "Phys. Rev. D",
    volume = "98",
    number = "4",
    pages = "046023",
    year = "2018"
}

@article{Catterall:2010fx,
    author = "Catterall, Simon and Joseph, Anosh and Wiseman, Toby",
    title = "{Thermal phases of D1-branes on a circle from lattice super Yang-Mills}",
    eprint = "1008.4964",
    archivePrefix = "arXiv",
    primaryClass = "hep-th",
    reportNumber = "SU-4252-911",
    doi = "10.1007/JHEP12(2010)022",
    journal = "JHEP",
    volume = "12",
    pages = "022",
    year = "2010"
}

@article{Nishimura:2009xm,
    author = "Nishimura, Jun",
    editor = "Liu, Chuan and Zhu, Yu",
    title = "{Non-lattice simulation of supersymmetric gauge theories as a probe to quantum black holes and strings}",
    eprint = "0912.0327",
    archivePrefix = "arXiv",
    primaryClass = "hep-lat",
    reportNumber = "KEK-TH-1342",
    doi = "10.22323/1.091.0016",
    journal = "PoS",
    volume = "LAT2009",
    pages = "016",
    year = "2009"
}

@article{Berenstein:2008eg,
    author = "Berenstein, David E. and Hanada, Masanori and Hartnoll, Sean A.",
    title = "{Multi-matrix models and emergent geometry}",
    eprint = "0805.4658",
    archivePrefix = "arXiv",
    primaryClass = "hep-th",
    reportNumber = "NSF-KITP-08-68, WIS-10-08-MAY-DPP",
    doi = "10.1088/1126-6708/2009/02/010",
    journal = "JHEP",
    volume = "02",
    pages = "010",
    year = "2009"
}

@article{Ortiz:2012ib,
    author = "Ortiz, Thomas and Samtleben, Henning",
    title = "{SO(9) supergravity in two dimensions}",
    eprint = "1210.4266",
    archivePrefix = "arXiv",
    primaryClass = "hep-th",
    doi = "10.1007/JHEP01(2013)183",
    journal = "JHEP",
    volume = "01",
    pages = "183",
    year = "2013"
}

@article{Han:2019wue,
    author = "Han, Xizhi and Hartnoll, Sean A.",
    title = "{Deep Quantum Geometry of Matrices}",
    eprint = "1906.08781",
    archivePrefix = "arXiv",
    primaryClass = "hep-th",
    doi = "10.1103/PhysRevX.10.011069",
    journal = "Phys. Rev. X",
    volume = "10",
    number = "1",
    pages = "011069",
    year = "2020"
}

@article{Hanada:2018fnp,
    author = "Hanada, Masanori",
    title = "{Markov Chain Monte Carlo for Dummies}",
    eprint = "1808.08490",
    archivePrefix = "arXiv",
    primaryClass = "hep-th",
    month = "8",
    year = "2018"
}

@article{Berenstein:2010xw,
    author = "Berenstein, David",
    editor = "Macias, Alfredo and Maceda, Marco",
    title = "{Lessons in quantum gravity from quantum field theory}",
    eprint = "1010.3270",
    archivePrefix = "arXiv",
    primaryClass = "hep-th",
    doi = "10.1063/1.3531637",
    journal = "AIP Conf. Proc.",
    volume = "1318",
    number = "1",
    pages = "26--37",
    year = "2010"
}

@phdthesis{Ambrozinski:2014ewa,
    author = "Ambrozinski, Zbigniew",
    title = "{Four dimensional supersymmetric Yang-Mills quantum mechanics with three colors}",
    eprint = "1408.2655",
    archivePrefix = "arXiv",
    primaryClass = "hep-th",
    school = "Jagiellonian U.",
    month = "6",
    year = "2014"
}

@article{Ahmadain:2022gfw,
    author = "Ahmadain, Amr and Frenkel, Alexander and Ray, Krishnendu and Soni, Ronak M.",
    title = "{Boundary Description of Microstates of the Two-Dimensional Black Hole}",
    eprint = "2210.11493",
    archivePrefix = "arXiv",
    primaryClass = "hep-th",
    month = "10",
    year = "2022"
}

@article{Hanada:2020uvt,
    author = "Hanada, Masanori and Shimada, Hidehiko and Wintergerst, Nico",
    title = "{Color confinement and Bose-Einstein condensation}",
    eprint = "2001.10459",
    archivePrefix = "arXiv",
    primaryClass = "hep-th",
    doi = "10.1007/JHEP08(2021)039",
    journal = "JHEP",
    volume = "08",
    pages = "039",
    year = "2021"
}

@article{Catterall:2011cea,
    author = "Catterall, Simon and Joseph, Anosh",
    title = "{An Object oriented code for simulating supersymmetric Yang-Mills theories}",
    eprint = "1108.1503",
    archivePrefix = "arXiv",
    primaryClass = "hep-lat",
    doi = "10.1016/j.cpc.2012.01.024",
    journal = "Comput. Phys. Commun.",
    volume = "183",
    pages = "1336--1353",
    year = "2012"
}

@article{Hanada:2009hd,
    author = "Hanada, Masanori and Mannelli, Lorenzo and Matsuo, Yoshinori",
    title = "{Large-N reduced models of supersymmetric quiver, Chern-Simons gauge theories and ABJM}",
    eprint = "0907.4937",
    archivePrefix = "arXiv",
    primaryClass = "hep-th",
    reportNumber = "WIS-10-09-JULY-DPP, APCTP-PRE2009-010",
    doi = "10.1088/1126-6708/2009/11/087",
    journal = "JHEP",
    volume = "11",
    pages = "087",
    year = "2009"
}

@article{Joseph:2015xwa,
    author = "Joseph, Anosh",
    title = "{Review of Lattice Supersymmetry and Gauge-Gravity Duality}",
    eprint = "1509.01440",
    archivePrefix = "arXiv",
    primaryClass = "hep-th",
    reportNumber = "DESY-15-160, DAMTP-2015-51",
    doi = "10.1142/S0217751X15300549",
    journal = "Int. J. Mod. Phys. A",
    volume = "30",
    number = "27",
    pages = "1530054",
    year = "2015"
}

@article{Nishimura:2023dky,
    author = "Nishimura, Jun and Sakai, Katsuta and Yosprakob, Atis",
    title = "{A new picture of quantum tunneling in the real-time path integral from Lefschetz thimble calculations}",
    eprint = "2307.11199",
    archivePrefix = "arXiv",
    primaryClass = "hep-th",
    reportNumber = "KEK-TH-2538",
    month = "7",
    year = "2023"
}

@article{Kanitscheider:2008kd,
    author = "Kanitscheider, Ingmar and Skenderis, Kostas and Taylor, Marika",
    title = "{Precision holography for non-conformal branes}",
    eprint = "0807.3324",
    archivePrefix = "arXiv",
    primaryClass = "hep-th",
    reportNumber = "ITFA-2008-25",
    doi = "10.1088/1126-6708/2008/09/094",
    journal = "JHEP",
    volume = "09",
    pages = "094",
    year = "2008"
}

@article{Giguere:2015cga,
    author = "Gigu\`ere, Eric and Kadoh, Daisuke",
    title = "{Restoration of supersymmetry in two-dimensional SYM with sixteen supercharges on the lattice}",
    eprint = "1503.04416",
    archivePrefix = "arXiv",
    primaryClass = "hep-lat",
    doi = "10.1007/JHEP05(2015)082",
    journal = "JHEP",
    volume = "05",
    pages = "082",
    year = "2015"
}

@article{Wiseman:2013cda,
    author = "Wiseman, Toby",
    title = "{On black hole thermodynamics from super Yang-Mills}",
    eprint = "1304.3938",
    archivePrefix = "arXiv",
    primaryClass = "hep-th",
    doi = "10.1007/JHEP07(2013)101",
    journal = "JHEP",
    volume = "07",
    pages = "101",
    year = "2013"
}

@article{Hanada:2010qg,
    author = "Hanada, Masanori and Kanamori, Issaku",
    title = "{Absence of sign problem in two-dimensional N = (2,2) super Yang-Mills on lattice}",
    eprint = "1010.2948",
    archivePrefix = "arXiv",
    primaryClass = "hep-lat",
    reportNumber = "DFTT-18-2010, RIKEN-TH-196, WIS-15-10-OCT-DPPA",
    doi = "10.1007/JHEP01(2011)058",
    journal = "JHEP",
    volume = "01",
    pages = "058",
    year = "2011"
}

@article{Hanada:2011ww,
    author = "Hanada, Masanori and Kanamori, Issaku and Matsuura, So and Sugino, Fumihiko",
    editor = "Vranas, Pavlos",
    title = "{Recent progress of lattice and non-lattice super Yang-Mills}",
    eprint = "1111.1824",
    archivePrefix = "arXiv",
    primaryClass = "hep-lat",
    doi = "10.22323/1.139.0243",
    journal = "PoS",
    volume = "LATTICE2011",
    pages = "243",
    year = "2011"
}

@article{Ishiki:2010pe,
    author = "Ishiki, Goro and Shimasaki, Shinji and Tsuchiya, Asato",
    title = "{A Novel Large-N Reduction on $S^{3}$: Demonstration in Chern-Simons Theory}",
    eprint = "1001.4917",
    archivePrefix = "arXiv",
    primaryClass = "hep-th",
    reportNumber = "KUNS-2251, HRI-ST-1001",
    doi = "10.1016/j.nuclphysb.2010.02.026",
    journal = "Nucl. Phys. B",
    volume = "834",
    pages = "423--452",
    year = "2010"
}

@article{Jha:2021exo,
    author = "Jha, Raghav Govind",
    title = "{Introduction to Monte Carlo for matrix models}",
    eprint = "2111.02410",
    archivePrefix = "arXiv",
    primaryClass = "hep-th",
    doi = "10.21468/SciPostPhysLectNotes.46",
    journal = "SciPost Phys. Lect. Notes",
    volume = "46",
    pages = "1",
    year = "2022"
}

@article{Azeyanagi:2010ne,
    author = "Azeyanagi, Tatsuo and Hanada, Masanori and Unsal, Mithat and Yacoby, Ran",
    title = "{Large-N reduction in QCD-like theories with massive adjoint fermions}",
    eprint = "1006.0717",
    archivePrefix = "arXiv",
    primaryClass = "hep-th",
    reportNumber = "SLAC-PUB-14152, KUNS-2270, WIS-06-10-MAY-DPPA",
    doi = "10.1103/PhysRevD.82.125013",
    journal = "Phys. Rev. D",
    volume = "82",
    pages = "125013",
    year = "2010"
}

@article{Asano:2012gt,
    author = "Asano, Yuhma and Ishiki, Goro and Okada, Takashi and Shimasaki, Shinji",
    title = "{Large-N reduction for $\mathcal{N}$ =2 quiver Chern-Simons theories on $S^3$ and localization in matrix models}",
    eprint = "1203.0559",
    archivePrefix = "arXiv",
    primaryClass = "hep-th",
    reportNumber = "KUNS-2387",
    doi = "10.1103/PhysRevD.85.106003",
    journal = "Phys. Rev. D",
    volume = "85",
    pages = "106003",
    year = "2012"
}

@article{Hanada:2011qx,
    author = "Hanada, Masanori and Matsuura, So and Sugino, Fumihiko",
    title = "{Non-perturbative construction of 2D and 4D supersymmetric Yang-Mills theories with 8 supercharges}",
    eprint = "1109.6807",
    archivePrefix = "arXiv",
    primaryClass = "hep-lat",
    reportNumber = "OIQP-11-07",
    doi = "10.1016/j.nuclphysb.2011.12.014",
    journal = "Nucl. Phys. B",
    volume = "857",
    pages = "335--361",
    year = "2012"
}

@article{Ishiki:2011ct,
    author = "Ishiki, Goro and Shimasaki, Shinji and Tsuchiya, Asato",
    title = "{Perturbative tests for a large-N reduced model of super Yang-Mills theory}",
    eprint = "1106.5590",
    archivePrefix = "arXiv",
    primaryClass = "hep-th",
    reportNumber = "KUNS-2347",
    doi = "10.1007/JHEP11(2011)036",
    journal = "JHEP",
    volume = "11",
    pages = "036",
    year = "2011"
}

@article{Matsuura:2015caa,
    author = "Matsuura, So and Sugino, Fumihiko",
    title = "{A one-loop test for construction of 4D N = 4 SYM from 2D SYM via fuzzy-sphere geometry}",
    eprint = "1508.00707",
    archivePrefix = "arXiv",
    primaryClass = "hep-th",
    reportNumber = "OIQP-15-7",
    doi = "10.1093/ptep/ptw014",
    journal = "PTEP",
    volume = "2016",
    number = "4",
    pages = "043B01",
    year = "2016"
}

@article{Anous:2019rqb,
    author = "Anous, Tarek and Karczmarek, Joanna L. and Mintun, Eric and Van Raamsdonk, Mark and Way, Benson",
    title = "{Areas and entropies in BFSS/gravity duality}",
    eprint = "1911.11145",
    archivePrefix = "arXiv",
    primaryClass = "hep-th",
    doi = "10.21468/SciPostPhys.8.4.057",
    journal = "SciPost Phys.",
    volume = "8",
    number = "4",
    pages = "057",
    year = "2020"
}

@article{Sahakian:2016hmb,
    author = "Sahakian, Vatche",
    title = "{On Emergent Geometry from Entanglement Entropy in Matrix theory}",
    eprint = "1601.07791",
    archivePrefix = "arXiv",
    primaryClass = "hep-th",
    reportNumber = "IHES-P-16-03",
    month = "1",
    year = "2016"
}

@inproceedings{Hanada:2010rg,
    author = "Hanada, Masanori",
    title = "{Numerical approach to SUSY quantum mechanics and the gauge/gravity duality}",
    booktitle = "{Supersymmetric Quantum Mechanics and Spectral Design}",
    eprint = "1011.1284",
    archivePrefix = "arXiv",
    primaryClass = "hep-th",
    month = "11",
    year = "2010"
}

@article{Hanada:2010gs,
    author = "Hanada, Masanori",
    title = "{A proposal of a fine tuning free formulation of 4d N = 4 super Yang-Mills}",
    eprint = "1009.0901",
    archivePrefix = "arXiv",
    primaryClass = "hep-lat",
    reportNumber = "WIS-14-10-AUG-DPPA",
    doi = "10.1007/JHEP11(2010)112",
    journal = "JHEP",
    volume = "11",
    pages = "112",
    year = "2010"
}

@article{Koch:2021yeb,
    author = "Koch, Robert de Mello and Jevicki, Antal and Liu, Xianlong and Mathaba, Kagiso and Rodrigues, Jo\~ao P.",
    title = "{Large N optimization for multi-matrix systems}",
    eprint = "2108.08803",
    archivePrefix = "arXiv",
    primaryClass = "hep-th",
    doi = "10.1007/JHEP01(2022)168",
    journal = "JHEP",
    volume = "01",
    pages = "168",
    year = "2022"
}

@article{Takimi:2012zw,
    author = "Takimi, Tomohisa",
    title = "{An Anisotropic hybrid non-perturbative formulation for 4D N = 2 supersymmetric Yang-Mills theories}",
    eprint = "1205.7038",
    archivePrefix = "arXiv",
    primaryClass = "hep-lat",
    reportNumber = "TIFR-TH-12-16",
    doi = "10.1007/JHEP08(2012)069",
    journal = "JHEP",
    volume = "08",
    pages = "069",
    year = "2012"
}

@article{Catterall:2020nmn,
    author = "Catterall, Simon and Giedt, Joel and Jha, Raghav G. and Schaich, David and Wiseman, Toby",
    title = "{Three-dimensional super-Yang--Mills theory on the lattice and dual black branes}",
    eprint = "2010.00026",
    archivePrefix = "arXiv",
    primaryClass = "hep-th",
    doi = "10.1103/PhysRevD.102.106009",
    journal = "Phys. Rev. D",
    volume = "102",
    number = "10",
    pages = "106009",
    year = "2020"
}

@article{Ishii:2008ib,
    author = "Ishii, Takaaki and Ishiki, Goro and Shimasaki, Shinji and Tsuchiya, Asato",
    title = "{N=4 Super Yang-Mills from the Plane Wave Matrix Model}",
    eprint = "0807.2352",
    archivePrefix = "arXiv",
    primaryClass = "hep-th",
    reportNumber = "OU-HET-608, KEK-TH-1258",
    doi = "10.1103/PhysRevD.78.106001",
    journal = "Phys. Rev. D",
    volume = "78",
    pages = "106001",
    year = "2008"
}

@article{Cardona:2018shd,
    author = "Cardona, Biel and Figueras, Pau",
    title = "{Critical Kaluza-Klein black holes and black strings in D = 10}",
    eprint = "1806.11129",
    archivePrefix = "arXiv",
    primaryClass = "hep-th",
    doi = "10.1007/JHEP11(2018)120",
    journal = "JHEP",
    volume = "11",
    pages = "120",
    year = "2018"
}

@article{Rinaldi:2017mjl,
    author = "Rinaldi, Enrico and Berkowitz, Evan and Hanada, Masanori and Maltz, Jonathan and Vranas, Pavlos",
    title = "{Toward Holographic Reconstruction of Bulk Geometry from Lattice Simulations}",
    eprint = "1709.01932",
    archivePrefix = "arXiv",
    primaryClass = "hep-th",
    reportNumber = "SU-ITP-17-05, YITP-17-55, LLNL-JRNL-732009, RBRC-1251",
    doi = "10.1007/JHEP02(2018)042",
    journal = "JHEP",
    volume = "02",
    pages = "042",
    year = "2018"
}

@article{Morita:2014ypa,
    author = "Morita, Takeshi and Shiba, Shotaro and Wiseman, Toby and Withers, Benjamin",
    title = "{Moduli dynamics as a predictive tool for thermal maximally supersymmetric Yang-Mills at large N}",
    eprint = "1412.3939",
    archivePrefix = "arXiv",
    primaryClass = "hep-th",
    reportNumber = "MISC-2014-07",
    doi = "10.1007/JHEP07(2015)047",
    journal = "JHEP",
    volume = "07",
    pages = "047",
    year = "2015"
}

@article{Asano:2022jag,
    author = "Asano, Yuhma",
    title = "{Numerical development of the matrix model for non-perturbative formulation of M-theory}",
    doi = "10.1140/epjs/s11734-022-00718-z",
    journal = "Eur. Phys. J. ST",
    volume = "232",
    number = "3",
    pages = "321--331",
    year = "2023"
}

@article{Buividovich:2018scl,
    author = {Buividovich, P. V. and Hanada, M. and Sch\"afer, A.},
    title = "{Quantum chaos, thermalization, and entanglement generation in real-time simulations of the Banks-Fischler-Shenker-Susskind matrix model}",
    eprint = "1810.03378",
    archivePrefix = "arXiv",
    primaryClass = "hep-th",
    doi = "10.1103/PhysRevD.99.046011",
    journal = "Phys. Rev. D",
    volume = "99",
    number = "4",
    pages = "046011",
    year = "2019"
}

@article{Kanamori:2007yx,
    author = "Kanamori, Issaku and Sugino, Fumihiko and Suzuki, Hiroshi",
    title = "{Observing dynamical supersymmetry breaking with euclidean lattice simulations}",
    eprint = "0711.2132",
    archivePrefix = "arXiv",
    primaryClass = "hep-lat",
    reportNumber = "RIKEN-TH-122, OIQP-07-16",
    doi = "10.1143/PTP.119.797",
    journal = "Prog. Theor. Phys.",
    volume = "119",
    pages = "797--827",
    year = "2008"
}

@article{Watanabe:2020ufk,
    author = {Watanabe, Hiromasa and Bergner, Georg and Bodendorfer, Norbert and Shiba Funai, Shotaro and Hanada, Masanori and Rinaldi, Enrico and Sch\"afer, Andreas and Vranas, Pavlos},
    title = "{Partial deconfinement at strong coupling on the lattice}",
    eprint = "2005.04103",
    archivePrefix = "arXiv",
    primaryClass = "hep-th",
    reportNumber = "DMUS-MP-20/03, LLNL-JRNL-809361, RIKEN-ITHEMS-REPORT-20, UTHEP-749",
    doi = "10.1007/JHEP02(2021)004",
    journal = "JHEP",
    volume = "02",
    pages = "004",
    year = "2021"
}

@article{Hanada:2009kz,
    author = "Hanada, Masanori and Mannelli, Lorenzo and Matsuo, Yoshinori",
    title = "{Four-dimensional N=1 super Yang-Mills from matrix model}",
    eprint = "0905.2995",
    archivePrefix = "arXiv",
    primaryClass = "hep-th",
    reportNumber = "WIS-06-09-MAY-DPP, APCTP-PRE2009-005",
    doi = "10.1103/PhysRevD.80.125001",
    journal = "Phys. Rev. D",
    volume = "80",
    pages = "125001",
    year = "2009"
}

@article{Maldacena:2008wh,
    author = "Maldacena, Juan and Martelli, Dario and Tachikawa, Yuji",
    title = "{Comments on string theory backgrounds with non-relativistic conformal symmetry}",
    eprint = "0807.1100",
    archivePrefix = "arXiv",
    primaryClass = "hep-th",
    doi = "10.1088/1126-6708/2008/10/072",
    journal = "JHEP",
    volume = "10",
    pages = "072",
    year = "2008"
}

@article{Anninos:2013nra,
    author = "Anninos, Dionysios and Anous, Tarek and de Lange, Paul and Konstantinidis, George",
    title = "{Conformal quivers and melting molecules}",
    eprint = "1310.7929",
    archivePrefix = "arXiv",
    primaryClass = "hep-th",
    doi = "10.1007/JHEP03(2015)066",
    journal = "JHEP",
    volume = "03",
    pages = "066",
    year = "2015"
}

@article{Berenstein:2010bi,
    author = "Berenstein, David and Trancanelli, Diego",
    title = "{Dynamical tachyons on fuzzy spheres}",
    eprint = "1011.2749",
    archivePrefix = "arXiv",
    primaryClass = "hep-th",
    reportNumber = "MAD-TH-10-07",
    doi = "10.1103/PhysRevD.83.106001",
    journal = "Phys. Rev. D",
    volume = "83",
    pages = "106001",
    year = "2011"
}

@article{Dias:2017uyv,
    author = "Dias, \'Oscar J. C. and Santos, Jorge E. and Way, Benson",
    title = "{Localised and nonuniform thermal states of super-Yang-Mills on a circle}",
    eprint = "1702.07718",
    archivePrefix = "arXiv",
    primaryClass = "hep-th",
    doi = "10.1007/JHEP06(2017)029",
    journal = "JHEP",
    volume = "06",
    pages = "029",
    year = "2017"
}

@article{Hanada:2009hq,
    author = "Hanada, Masanori and Kanamori, Issaku",
    title = "{Lattice study of two-dimensional N=(2,2) super Yang-Mills at large-N}",
    eprint = "0907.4966",
    archivePrefix = "arXiv",
    primaryClass = "hep-lat",
    reportNumber = "DFTT44-2009, WIS-09-09-JUNE-DPP, RIKEN-TH-161",
    doi = "10.1103/PhysRevD.80.065014",
    journal = "Phys. Rev. D",
    volume = "80",
    pages = "065014",
    year = "2009"
}

@phdthesis{Giguere:2015nlp,
    author = "Gigu\`ere, Eric",
    title = "{Investigation of Gauge-Gravity duality via 2D $N$=(8,8) Super-Yang-Mills lattice simulations}",
    doi = "10.14943/doctoral.k11989",
    school = "Hokkaido U.",
    year = "2015"
}

@article{Bergner:2021goh,
    author = {Bergner, Georg and Bodendorfer, Norbert and Hanada, Masanori and Pateloudis, Stratos and Rinaldi, Enrico and Sch\"afer, Andreas and Vranas, Pavlos and Watanabe, Hiromasa},
    collaboration = "MCSMC",
    title = "{Confinement/deconfinement transition in the D0-brane matrix model -- A signature of M-theory?}",
    eprint = "2110.01312",
    archivePrefix = "arXiv",
    primaryClass = "hep-th",
    reportNumber = "LLNL-JRNL-824792, RIKEN-iTHEMS-Report-21, UTHEP-759, DMUS-MP-21/13",
    doi = "10.1007/JHEP05(2022)096",
    journal = "JHEP",
    volume = "05",
    pages = "096",
    year = "2022"
}

@article{Wiseman:2008qa,
    author = "Wiseman, Toby and Withers, Benjamin",
    title = "{Holographic renormalization for coincident Dp-branes}",
    eprint = "0807.0755",
    archivePrefix = "arXiv",
    primaryClass = "hep-th",
    doi = "10.1088/1126-6708/2008/10/037",
    journal = "JHEP",
    volume = "10",
    pages = "037",
    year = "2008"
}

@article{Azeyanagi:2009zf,
    author = "Azeyanagi, Tatsuo and Hanada, Masanori and Hirata, Tomoyoshi and Shimada, Hidehiko",
    title = "{On the shape of a D-brane bound state and its topology change}",
    eprint = "0901.4073",
    archivePrefix = "arXiv",
    primaryClass = "hep-th",
    reportNumber = "KUNS-2185, WIS-02-09-JAN-DPP, AEI-2009-003",
    doi = "10.1088/1126-6708/2009/03/121",
    journal = "JHEP",
    volume = "03",
    pages = "121",
    year = "2009"
}

@article{Ishiki:2009sg,
    author = "Ishiki, Goro and Kim, Sang-Woo and Nishimura, Jun and Tsuchiya, Asato",
    title = "{Testing a novel large-N reduction for N=4 super Yang-Mills theory on R x S**3}",
    eprint = "0907.1488",
    archivePrefix = "arXiv",
    primaryClass = "hep-th",
    reportNumber = "OU-HET-623, KEK-TH-1317",
    doi = "10.1088/1126-6708/2009/09/029",
    journal = "JHEP",
    volume = "09",
    pages = "029",
    year = "2009"
}

@phdthesis{vanAnders:2008biy,
    author = "van Anders, Greg",
    title = "{Aspects of SU(2|4) symmetric field theories and the Lin-Maldacena geometries}",
    school = "Western Ontario U.",
    year = "2008"
}

@article{Azeyanagi:2008bk,
    author = "Azeyanagi, Tatsuo and Hanada, Masanori and Hirata, Tomoyoshi",
    title = "{On Matrix Model Formulations of Noncommutative Yang-Mills Theories}",
    eprint = "0806.3252",
    archivePrefix = "arXiv",
    primaryClass = "hep-th",
    reportNumber = "KUNS-2146, WIS-13-08-JUN-DPP",
    doi = "10.1103/PhysRevD.78.105017",
    journal = "Phys. Rev. D",
    volume = "78",
    pages = "105017",
    year = "2008"
}

@article{Murata:2008bg,
    author = "Murata, Keiju and Nishioka, Tatsuma and Tanahashi, Norihiro and Yumisaki, Hikaru",
    title = "{Phase Transitions of Charged Kerr-AdS Black Holes from Large-N Gauge Theories}",
    eprint = "0806.2314",
    archivePrefix = "arXiv",
    primaryClass = "hep-th",
    reportNumber = "KUNS-2134",
    doi = "10.1143/PTP.120.473",
    journal = "Prog. Theor. Phys.",
    volume = "120",
    pages = "473--508",
    year = "2008"
}

@article{Craps:2016cgo,
    author = "Craps, Ben and Evnin, Oleg and Nguyen, K\'evin",
    title = "{Matrix Thermalization}",
    eprint = "1610.05333",
    archivePrefix = "arXiv",
    primaryClass = "hep-th",
    doi = "10.1007/JHEP02(2017)041",
    journal = "JHEP",
    volume = "02",
    pages = "041",
    year = "2017"
}

@article{Anagnostopoulos:2011cn,
    author = "Anagnostopoulos, Konstantinos N. and Azuma, Takehiro and Nishimura, Jun",
    title = "{A practical solution to the sign problem in a matrix model for dynamical compactification}",
    eprint = "1108.1534",
    archivePrefix = "arXiv",
    primaryClass = "hep-lat",
    reportNumber = "KEK-TH-1482",
    doi = "10.1007/JHEP10(2011)126",
    journal = "JHEP",
    volume = "10",
    pages = "126",
    year = "2011"
}

@article{Hanada:2011fq,
    author = "Hanada, Masanori and Nishimura, Jun and Sekino, Yasuhiro and Yoneya, Tamiaki",
    title = "{Direct test of the gauge-gravity correspondence for Matrix theory correlation functions}",
    eprint = "1108.5153",
    archivePrefix = "arXiv",
    primaryClass = "hep-th",
    reportNumber = "KEK-TH-1490, KEK\_TH-1490",
    doi = "10.1007/JHEP12(2011)020",
    journal = "JHEP",
    volume = "12",
    pages = "020",
    year = "2011"
}

@article{Catterall:2017lub,
    author = "Catterall, Simon and Jha, Raghav G. and Schaich, David and Wiseman, Toby",
    title = "{Testing holography using lattice super-Yang-Mills theory on a 2-torus}",
    eprint = "1709.07025",
    archivePrefix = "arXiv",
    primaryClass = "hep-th",
    doi = "10.1103/PhysRevD.97.086020",
    journal = "Phys. Rev. D",
    volume = "97",
    number = "8",
    pages = "086020",
    year = "2018"
}

@phdthesis{Greenspan:2017mdl,
    author = "Greenspan, Lauren",
    title = "{Deformed Geometries and the Gauge/Gravity Duality}",
    school = "Porto U.",
    year = "2017"
}

@article{Anagnostopoulos:2013xga,
    author = "Anagnostopoulos, Konstantinos N. and Azuma, Takehiro and Nishimura, Jun",
    title = "{Monte Carlo studies of the spontaneous rotational symmetry breaking in dimensionally reduced super Yang-Mills models}",
    eprint = "1306.6135",
    archivePrefix = "arXiv",
    primaryClass = "hep-th",
    reportNumber = "KEK-TH-1634",
    doi = "10.1007/JHEP11(2013)009",
    journal = "JHEP",
    volume = "11",
    pages = "009",
    year = "2013"
}

@article{Joseph:2011xy,
    author = "Joseph, Anosh",
    title = "{Supersymmetric Yang-Mills theories with exact supersymmetry on the lattice}",
    eprint = "1110.5983",
    archivePrefix = "arXiv",
    primaryClass = "hep-lat",
    reportNumber = "LA-UR-11-11648",
    doi = "10.1142/S0217751X11054863",
    journal = "Int. J. Mod. Phys. A",
    volume = "26",
    pages = "5057--5132",
    year = "2011"
}

@phdthesis{Basu:2007xea,
    author = "Basu, Pallab",
    title = "{Black holes and the finite temperature gauge theory}",
    school = "Tata Inst.",
    year = "2007"
}

@phdthesis{Sarkar:2014nwa,
    author = "Sarkar, Debajyoti",
    title = "{Gauge/ Gravity Correspondence, Bulk Locality and Quantum Black Holes}",
    school = "CUNY, Graduate School - U. Ctr., City Coll., N.Y.",
    year = "2014"
}

@article{Tropper:2023fjr,
    author = "Tropper, Adam and Wang, Tianli",
    title = "{Lorentz symmetry and IR structure of the BFSS matrix model}",
    eprint = "2303.14200",
    archivePrefix = "arXiv",
    primaryClass = "hep-th",
    doi = "10.1007/JHEP07(2023)150",
    journal = "JHEP",
    volume = "07",
    pages = "150",
    year = "2023"
}

@phdthesis{Joseph:2011oda,
    author = "Joseph, Anosh",
    title = "{Supersymmetric Yang-Mills theories on the Lattice}",
    school = "Syracuse U.",
    year = "2011"
}

@inproceedings{Penedones:2016voo,
    author = "Penedones, Joao",
    title = "{TASI lectures on AdS/CFT}",
    booktitle = "{Theoretical Advanced Study Institute in Elementary Particle Physics}: {New Frontiers in Fields and Strings}",
    eprint = "1608.04948",
    archivePrefix = "arXiv",
    primaryClass = "hep-th",
    doi = "10.1142/9789813149441_0002",
    pages = "75--136",
    year = "2017"
}

@article{Nagata:2008xk,
    author = "Nagata, Kazuhiro",
    title = "{Exact Lattice Supersymmetry at Large N}",
    eprint = "0805.4235",
    archivePrefix = "arXiv",
    primaryClass = "hep-lat",
    doi = "10.1088/1126-6708/2008/10/036",
    journal = "JHEP",
    volume = "10",
    pages = "036",
    year = "2008"
}

@article{Hanada:2012eg,
    author = "Hanada, Masanori",
    editor = "Leinweber, Derek and Kamleh, Waseem and Mahbub, Selim and Matevosyan, Hrayr and Thomas, Anthony and Williams, Anthony G. and Young, Ross and Zanotti, James",
    title = "{Monte Carlo approach to the string/M-theory}",
    eprint = "1212.2814",
    archivePrefix = "arXiv",
    primaryClass = "hep-lat",
    doi = "10.22323/1.164.0019",
    journal = "PoS",
    volume = "LATTICE2012",
    pages = "019",
    year = "2012"
}

@article{Nagata:2007mz,
    author = "Nagata, Kazuhiro",
    title = "{On the continuum and lattice formulations of N=4 D=3 twisted super Yang-Mills}",
    eprint = "0710.5689",
    archivePrefix = "arXiv",
    primaryClass = "hep-th",
    doi = "10.1088/1126-6708/2008/01/041",
    journal = "JHEP",
    volume = "01",
    pages = "041",
    year = "2008"
}

@article{Honda:2013nfa,
    author = "Honda, Masazumi and Ishiki, Goro and Kim, Sang-Woo and Nishimura, Jun and Tsuchiya, Asato",
    title = "{Direct test of the AdS/CFT correspondence by Monte Carlo studies of N=4 super Yang-Mills theory}",
    eprint = "1308.3525",
    archivePrefix = "arXiv",
    primaryClass = "hep-th",
    reportNumber = "KEK-TH-1646, YITP-13-65, KIAS-P13030",
    doi = "10.1007/JHEP11(2013)200",
    journal = "JHEP",
    volume = "11",
    pages = "200",
    year = "2013"
}

@article{Nishimura:2012xs,
    author = "Nishimura, Jun",
    title = "{The Origin of space-time as seen from matrix model simulations}",
    eprint = "1205.6870",
    archivePrefix = "arXiv",
    primaryClass = "hep-lat",
    reportNumber = "KEK-TH-1552",
    doi = "10.1093/ptep/pts004",
    journal = "PTEP",
    volume = "2012",
    pages = "01A101",
    year = "2012"
}

@article{Nagata:2008zza,
    author = "Nagata, Kazuhiro and Wu, Yong-Shi",
    title = "{Twisted SUSY Invariant Formulation of Chern-Simons Gauge Theory on a Lattice}",
    eprint = "0803.4339",
    archivePrefix = "arXiv",
    primaryClass = "hep-lat",
    doi = "10.1103/PhysRevD.78.065002",
    journal = "Phys. Rev. D",
    volume = "78",
    pages = "065002",
    year = "2008"
}

@phdthesis{Raju:2008sma,
    author = "Raju, Suvrat",
    title = "{Supersymmetric Partition Functions in the AdS/CFT Conjecture}",
    school = "Harvard U.",
    year = "2008"
}

@article{Gharibyan:2020bab,
    author = "Gharibyan, Hrant and Hanada, Masanori and Honda, Masazumi and Liu, Junyu",
    title = "{Toward simulating superstring/M-theory on a quantum computer}",
    eprint = "2011.06573",
    archivePrefix = "arXiv",
    primaryClass = "hep-th",
    reportNumber = "CALT-TH-2020-013, DMUS-MP-20/10, YITP-20-146",
    doi = "10.1007/JHEP07(2021)140",
    journal = "JHEP",
    volume = "07",
    pages = "140",
    year = "2021"
}

@phdthesis{2619525,
    author = "Yosprakob, Atis",
    title = "{Complex Langevin, thimbles and tensor networks as solutions to the sign problem}",
    school = "Sokendai"
}

@phdthesis{Milekhin:2020yql,
    author = "Milekhin, Alexey",
    title = "{Quantum mechanical systems with holographic duals}",
    school = "Princeton U.",
    year = "2020"
}

@article{Panero:2016wwx,
    author = "Panero, Marco",
    title = "{The numerical approach to quantum field theory in a non-commutative space}",
    eprint = "1601.01176",
    archivePrefix = "arXiv",
    primaryClass = "hep-th",
    doi = "10.22323/1.263.0099",
    journal = "PoS",
    volume = "CORFU2015",
    pages = "099",
    year = "2016"
}

@article{Hanada:2016jok,
    author = "Hanada, Masanori",
    title = "{What lattice theorists can do for superstring/M-theory}",
    eprint = "1604.05421",
    archivePrefix = "arXiv",
    primaryClass = "hep-lat",
    reportNumber = "YITP-16-28",
    doi = "10.1142/S0217751X16430065",
    journal = "Int. J. Mod. Phys. A",
    volume = "31",
    number = "22",
    pages = "1643006",
    year = "2016"
}

@phdthesis{Han:2021egm,
    author = "Han, Xizhi",
    title = "{Locality in quantum many-body systems}",
    school = "Stanford U.",
    year = "2021"
}

@article{Catterall:2009it,
    author = "Catterall, Simon and Kaplan, David B. and Unsal, Mithat",
    title = "{Exact lattice supersymmetry}",
    eprint = "0903.4881",
    archivePrefix = "arXiv",
    primaryClass = "hep-lat",
    reportNumber = "INT-PUB-09-014, SLAC-PUB-13567, SU-4252-887",
    doi = "10.1016/j.physrep.2009.09.001",
    journal = "Phys. Rept.",
    volume = "484",
    pages = "71--130",
    year = "2009"
}

@phdthesis{deLange:2016qwx,
    author = "de Lange, Paul",
    title = "{The physics and mathematics of microstates in string theory: And a monstrous Farey tail}",
    school = "Amsterdam U.",
    year = "2016"
}

@article{Kadoh:2016eju,
    author = "Kadoh, Daisuke",
    title = "{Recent progress in lattice supersymmetry: from lattice gauge theory to black holes}",
    eprint = "1607.01170",
    archivePrefix = "arXiv",
    primaryClass = "hep-lat",
    doi = "10.22323/1.251.0017",
    journal = "PoS",
    volume = "LATTICE2015",
    pages = "017",
    year = "2016"
}

@phdthesis{Kanitscheider:2009pia,
    author = "Kanitscheider, Ingmar",
    title = "{Precision holography and its applications to black holes}",
    school = "Amsterdam U.",
    year = "2009"
}

@phdthesis{Watanabe:2022shg,
    author = "Watanabe, Hiromasa",
    title = "{Two-Phase Coexistence of Colors at Large N}",
    school = "Tsukuba U.",
    month = "2",
    year = "2022"
}

@phdthesis{Jha:2019cst,
    author = "Jha, Raghav Govind",
    title = "{Holography, large N, and supersymmetry on the lattice}",
    school = "Syracuse U., Syracuse U.",
    year = "2019"
}

@article{Schaich:2018mmv,
    author = "Schaich, David",
    title = "{Progress and prospects of lattice supersymmetry}",
    eprint = "1810.09282",
    archivePrefix = "arXiv",
    primaryClass = "hep-lat",
    doi = "10.22323/1.334.0005",
    journal = "PoS",
    volume = "LATTICE2018",
    pages = "005",
    year = "2019"
}

@article{Panero:2012qx,
    author = "Panero, Marco",
    editor = "Leinweber, Derek and Kamleh, Waseem and Mahbub, Selim and Matevosyan, Hrayr and Thomas, Anthony and Williams, Anthony G. and Young, Ross and Zanotti, James",
    title = "{Recent results in large-N lattice gauge theories}",
    eprint = "1210.5510",
    archivePrefix = "arXiv",
    primaryClass = "hep-lat",
    reportNumber = "HIP-2012-25-TH",
    doi = "10.22323/1.164.0010",
    journal = "PoS",
    volume = "LATTICE2012",
    pages = "010",
    year = "2012"
}

@phdthesis{Dzienkowski:2015xyf,
    author = "Dzienkowski, Eric Michael",
    title = "{Aspects of Emergent Geometry, Strings, and Branes in Gauge / Gravity Duality}",
    school = "UC, Santa Barbara",
    year = "2015"
}

@article{Schaich:2022xgy,
    author = "Schaich, David",
    title = "{Lattice studies of supersymmetric gauge theories}",
    eprint = "2208.03580",
    archivePrefix = "arXiv",
    primaryClass = "hep-lat",
    doi = "10.1140/epjs/s11734-022-00708-1",
    journal = "Eur. Phys. J. ST",
    volume = "232",
    number = "3",
    pages = "305--320",
    year = "2023"
}

@phdthesis{Coss:2015kck,
    author = "Coss, George Konstantinidis",
    title = "{Holography of de sitter space and disordered systems}",
    school = "Stanford U.",
    year = "2015"
}

@article{Anninos:2020ccj,
    author = {Anninos, Dionysios and M\"uhlmann, Beatrix},
    title = "{Notes on matrix models (matrix musings)}",
    eprint = "2004.01171",
    archivePrefix = "arXiv",
    primaryClass = "hep-th",
    doi = "10.1088/1742-5468/aba499",
    journal = "J. Stat. Mech.",
    volume = "2008",
    pages = "083109",
    year = "2020"
}

@phdthesis{Pateloudis:2022vku,
    author = "Pateloudis, Efstratios",
    title = "{Non-perturbative and finite N corrections on matrix holography}",
    doi = "10.5283/epub.53625",
    school = "Regensburg U.",
    year = "2022"
}

@phdthesis{Erbin:2021pok,
    author = "Erbin, Harold",
    title = "{A field theory approach to string theory}",
    reportNumber = "tel-03341545",
    school = "Diderot U., Paris",
    year = "2021"
}

@article{Gopakumar:2022kof,
    author = "Gopakumar, Rajesh and Perlmutter, Eric and Pufu, Silviu S. and Yin, Xi",
    title = "{Snowmass White Paper: Bootstrapping String Theory}",
    eprint = "2202.07163",
    archivePrefix = "arXiv",
    primaryClass = "hep-th",
    month = "2",
    year = "2022"
}

@phdthesis{CardonaRotger:2021xze,
    author = "Cardona Rotger, Biel",
    title = "{Numerical Relativity and Critical Black Holes}",
    school = "Queen Mary, U. of London (main)",
    year = "2021"
}

@article{Ydri:2017ncg,
    author = "Ydri, Badis",
    title = "{Review of M(atrix)-Theory, Type IIB Matrix Model and Matrix String Theory}",
    eprint = "1708.00734",
    archivePrefix = "arXiv",
    primaryClass = "hep-th",
    month = "8",
    year = "2017"
}

@article{Lucini:2013qja,
    author = "Lucini, Biagio and Panero, Marco",
    title = "{Introductory lectures to large-$\scriptsize{N}$ QCD phenomenology and lattice results}",
    eprint = "1309.3638",
    archivePrefix = "arXiv",
    primaryClass = "hep-th",
    reportNumber = "HIP-2013-18-TH, IFT-UAM-CSIC-13-096",
    doi = "10.1016/j.ppnp.2014.01.001",
    journal = "Prog. Part. Nucl. Phys.",
    volume = "75",
    pages = "1--40",
    year = "2014"
}

@book{Kiritsis:2019npv,
    author = "Kiritsis, Elias",
    title = "{String theory in a nutshell}",
    isbn = "978-0-691-15579-1, 978-0-691-18896-6",
    publisher = "Princeton University Press",
    address = "USA",
    year = "2019"
}
